<?xml version="1.0" encoding="UTF-8"?><collection xmlns="http://www.loc.gov/MARC21/slim"><record><leader>00357nam--2200121-i-4500</leader><controlfield tag="001">000035530</controlfield><controlfield tag="002">20161230</controlfield><controlfield tag="005">20161230201040</controlfield><controlfield tag="008">060222s1000------------r-----000-0-eng-d</controlfield><datafield ind1=" " ind2=" " tag="245"><subfield code="a">Reliability engineering for electronic systems</subfield></datafield><datafield ind1=" " ind2=" " tag="260"><subfield code="a">New York, John Wiley &amp; Sons, Inc., 1964, Viii +360p</subfield></datafield><datafield ind1=" " ind2=" " tag="700"><subfield code="a">Myers Richard H., Wong K.L., Gordy H.M</subfield></datafield><datafield ind1=" " ind2=" " tag="852"><subfield code="a">20379</subfield></datafield></record></collection>